<?xml version="1.0" encoding="UTF-8"?><collection xmlns="http://www.loc.gov/MARC21/slim"><record><leader>00463nam--2200181-i-4500</leader><controlfield tag="001">000002477</controlfield><controlfield tag="002">20161230</controlfield><controlfield tag="005">20161230201025</controlfield><controlfield tag="008">060222s1000------------r-----000-0-rum-d</controlfield><datafield ind1=" " ind2=" " tag="041"><subfield code="a">IFIN-HH</subfield></datafield><datafield ind1=" " ind2=" " tag="080"><subfield code="a">532.783</subfield></datafield><datafield ind1="1" ind2=" " tag="100"><subfield code="a">Butucelea, Alexandru</subfield></datafield><datafield ind1="1" ind2="0" tag="245"><subfield code="a">Cristale lichide</subfield><subfield code="c">Alexandru Butucelea</subfield></datafield><datafield ind1=" " ind2=" " tag="260"><subfield code="a">Bucuresti, Editura Stiintifica, 1974</subfield></datafield><datafield ind1=" " ind2=" " tag="300"><subfield code="a">78 P</subfield></datafield><datafield ind1=" " ind2=" " tag="490"><subfield code="a">Stiinta pentru toti</subfield></datafield><datafield ind1=" " ind2=" " tag="852"><subfield code="a">42322</subfield><subfield code="c">532</subfield></datafield><datafield ind1=" " ind2=" " tag="CAT"><subfield code="a">Sys</subfield><subfield code="c">20100720</subfield><subfield code="h">130552</subfield></datafield></record></collection>